<?xml version="1.0" encoding="UTF-8"?>
<!DOCTYPE html PUBLIC "-//W3C//DTD XHTML 1.0 Transitional//EN"
    "http://www.w3.org/TR/xhtml1/DTD/xhtml1-transitional.dtd">
<html xmlns="http://www.w3.org/1999/xhtml" xml:lang="en" lang="en">
 <head>
  <title>
</title>
<meta http-equiv="Content-Type" content="text/html;charset=utf-8" />
  <meta name='ocr-system' content='tesseract 3.04.00' />
  <meta name='ocr-capabilities' content='ocr_page ocr_carea ocr_par ocr_line ocrx_word'/>
</head>
<body>
  <div class='ocr_page' id='page_1' title='image "./bellumhelveticu00caesgoog_0178.png"; bbox 0 0 2892 4434; ppageno 0'>
   <div class='ocr_carea' id='block_1_1' title="bbox 96 317 834 382">
    <p class='ocr_par' dir='ltr' id='par_1_1' title="bbox 96 317 834 382">
     <span class='ocr_line' id='line_1_1' title="bbox 96 317 834 382; baseline 0.004 -5"><span class='ocrx_word' id='word_1_1' title='bbox 96 317 134 377; x_wconf 75' lang='lat' dir='ltr'>ll</span> <span class='ocrx_word' id='word_1_2' title='bbox 155 327 304 378; x_wconf 75' lang='lat' dir='ltr'>ter-601</span> <span class='ocrx_word' id='word_1_3' title='bbox 527 335 660 382; x_wconf 79' lang='lat' dir='ltr'>nasson</span> <span class='ocrx_word' id='word_1_4' title='bbox 687 334 834 380; x_wconf 80' lang='lat' dir='ltr'>nxxvru</span> 
     </span>
    </p>
   </div>
   <div class='ocr_carea' id='block_1_2' title="bbox 158 549 867 614">
    <p class='ocr_par' dir='ltr' id='par_1_2' title="bbox 158 549 867 614">
     <span class='ocr_line' id='line_1_2' title="bbox 158 549 867 614; baseline -0.001 -12"><span class='ocrx_word' id='word_1_5' title='bbox 158 552 239 603; x_wconf 78' lang='lat' dir='ltr'>ser.</span> <span class='ocrx_word' id='word_1_6' title='bbox 372 583 376 594; x_wconf 80' lang='lat'><em>.</em></span> <span class='ocrx_word' id='word_1_7' title='bbox 514 550 622 600; x_wconf 71' lang='lat' dir='ltr'>rann</span> <span class='ocrx_word' id='word_1_8' title='bbox 643 549 867 614; x_wconf 74' lang='lat' dir='ltr'>oursnous</span> 
     </span>
    </p>
   </div>
   <div class='ocr_carea' id='block_1_3' title="bbox 103 670 1264 1194">
    <p class='ocr_par' dir='ltr' id='par_1_3' title="bbox 103 670 1264 1194">
     <span class='ocr_line' id='line_1_3' title="bbox 160 670 1263 757; baseline 0 -23"><span class='ocrx_word' id='word_1_9' title='bbox 160 673 274 752; x_wconf 84' lang='lat' dir='ltr'>Quem</span> <span class='ocrx_word' id='word_1_10' title='bbox 306 672 468 757; x_wconf 79' lang='lat' dir='ltr'>praefecit</span> <span class='ocrx_word' id='word_1_11' title='bbox 501 671 622 735; x_wconf 84' lang='lat' dir='ltr'>Caesar</span> <span class='ocrx_word' id='word_1_12' title='bbox 653 675 683 733; x_wconf 86' lang='lat' dir='ltr'>ei</span> <span class='ocrx_word' id='word_1_13' title='bbox 716 671 917 733; x_wconf 79' lang='lat' dir='ltr'>munitioni?</span> <span class='ocrx_word' id='word_1_14' title='bbox 981 670 1057 748; x_wconf 79' lang='lat' dir='ltr'>Quo</span> <span class='ocrx_word' id='word_1_15' title='bbox 1089 671 1263 736; x_wconf 80' lang='lat' dir='ltr'>contendit</span> 
     </span>
     <span class='ocr_line' id='line_1_4' title="bbox 103 763 1263 864; baseline -0.003 -19"><span class='ocrx_word' id='word_1_16' title='bbox 103 782 262 846; x_wconf 78' lang='lat' dir='ltr'>Caesar?</span> <span class='ocrx_word' id='word_1_17' title='bbox 310 779 487 859; x_wconf 75' lang='lat' dir='ltr'>Quomodo</span> <span class='ocrx_word' id='word_1_18' title='bbox 511 777 686 842; x_wconf 72' lang='lat' dir='ltr'><strong>contendit</strong></span> <span class='ocrx_word' id='word_1_19' title='bbox 703 778 773 861; x_wconf 91' lang='lat' dir='ltr'>ipse</span> <span class='ocrx_word' id='word_1_20' title='bbox 791 778 826 840; x_wconf 91' lang='lat' dir='ltr'>in</span> <span class='ocrx_word' id='word_1_21' title='bbox 842 763 999 842; x_wconf 78' lang='lat' dir='ltr'>ltaliam?</span> <span class='ocrx_word' id='word_1_22' title='bbox 1048 779 1142 858; x_wconf 82' lang='lat' dir='ltr'>Quot</span> <span class='ocrx_word' id='word_1_23' title='bbox 1164 779 1263 864; x_wconf 62' lang='lat' dir='ltr'>legib</span> 
     </span>
     <span class='ocr_line' id='line_1_5' title="bbox 104 886 1262 976; baseline 0.001 -26"><span class='ocrx_word' id='word_1_24' title='bbox 104 897 173 952; x_wconf 74' lang='lat' dir='ltr'>nes</span> <span class='ocrx_word' id='word_1_25' title='bbox 192 889 237 952; x_wconf 90' lang='lat' dir='ltr'>ibi</span> <span class='ocrx_word' id='word_1_26' title='bbox 250 889 486 976; x_wconf 67' lang='lat' dir='ltr'>conscripsitl</span> <span class='ocrx_word' id='word_1_27' title='bbox 511 887 605 966; x_wconf 79' lang='lat' dir='ltr'>Quot</span> <span class='ocrx_word' id='word_1_28' title='bbox 620 886 769 972; x_wconf 73' lang='lat' dir='ltr'>legiones</span> <span class='ocrx_word' id='word_1_29' title='bbox 787 886 906 950; x_wconf 73' lang='lat' dir='ltr'>eduxit</span> <span class='ocrx_word' id='word_1_30' title='bbox 918 909 960 950; x_wconf 86' lang='lat' dir='ltr'>ex</span> <span class='ocrx_word' id='word_1_31' title='bbox 978 887 1147 952; x_wconf 84' lang='lat' dir='ltr'>hibernis?</span> <span class='ocrx_word' id='word_1_32' title='bbox 1197 886 1262 951; x_wconf 87' lang='lat' dir='ltr'>Ubi</span> 
     </span>
     <span class='ocr_line' id='line_1_6' title="bbox 104 994 1264 1081; baseline 0.001 -22"><span class='ocrx_word' id='word_1_33' title='bbox 104 997 307 1069; x_wconf 75' lang='lat' dir='ltr'>hiemabant</span> <span class='ocrx_word' id='word_1_34' title='bbox 322 997 398 1060; x_wconf 91' lang='lat' dir='ltr'>illae</span> <span class='ocrx_word' id='word_1_35' title='bbox 414 996 585 1081; x_wconf 74' lang='lat' dir='ltr'>legiones?</span> <span class='ocrx_word' id='word_1_36' title='bbox 633 994 710 1075; x_wconf 78' lang='lat' dir='ltr'>Qud</span> <span class='ocrx_word' id='word_1_37' title='bbox 724 995 897 1060; x_wconf 75' lang='lat' dir='ltr'><strong>contendit</strong></span> <span class='ocrx_word' id='word_1_38' title='bbox 913 997 1036 1061; x_wconf 83' lang='lat' dir='ltr'>Caesar</span> <span class='ocrx_word' id='word_1_39' title='bbox 1049 997 1122 1059; x_wconf 77' lang='lat' dir='ltr'>Ire?</span> <span class='ocrx_word' id='word_1_40' title='bbox 1170 995 1264 1075; x_wconf 83' lang='lat' dir='ltr'>Quot</span> 
     </span>
     <span class='ocr_line' id='line_1_7' title="bbox 106 1103 1180 1194; baseline -0.001 -25"><span class='ocrx_word' id='word_1_41' title='bbox 106 1127 195 1169; x_wconf 90' lang='lat' dir='ltr'>cum</span> <span class='ocrx_word' id='word_1_42' title='bbox 217 1105 429 1194; x_wconf 79' lang='lat' dir='ltr'>legionibus?</span> <span class='ocrx_word' id='word_1_43' title='bbox 477 1104 571 1184; x_wconf 79' lang='lat' dir='ltr'>Quos</span> <span class='ocrx_word' id='word_1_44' title='bbox 583 1125 643 1190; x_wconf 89' lang='lat' dir='ltr'>per</span> <span class='ocrx_word' id='word_1_45' title='bbox 658 1112 787 1169; x_wconf 74' lang='lat' dir='ltr'>montes</span> <span class='ocrx_word' id='word_1_46' title='bbox 800 1111 872 1169; x_wconf 89' lang='lat' dir='ltr'>erat</span> <span class='ocrx_word' id='word_1_47' title='bbox 888 1103 953 1168; x_wconf 89' lang='lat' dir='ltr'>iter</span> <span class='ocrx_word' id='word_1_48' title='bbox 968 1105 1180 1191; x_wconf 85' lang='lat' dir='ltr'>proximum?</span> 
     </span>
    </p>
   </div>
   <div class='ocr_carea' id='block_1_4' title="bbox 628 1355 756 1407">
    <p class='ocr_par' dir='ltr' id='par_1_4' title="bbox 628 1355 756 1407">
     <span class='ocr_line' id='line_1_8' title="bbox 628 1355 756 1407; baseline 0 -1"><span class='ocrx_word' id='word_1_49' title='bbox 628 1355 756 1407; x_wconf 75' lang='lat' dir='ltr'>nori-:s</span> 
     </span>
    </p>
   </div>
   <div class='ocr_carea' id='block_1_5' title="bbox 110 1491 1265 1978">
    <p class='ocr_par' dir='ltr' id='par_1_5' title="bbox 110 1491 1265 1978">
     <span class='ocr_line' id='line_1_9' title="bbox 163 1491 1260 1556; baseline -0.002 -14"><span class='ocrx_word' id='word_1_50' title='bbox 163 1491 241 1542; x_wconf 83' lang='grc'>598.</span> <span class='ocrx_word' id='word_1_51' title='bbox 265 1495 294 1545; x_wconf 87' lang='lat' dir='ltr'>el</span> <span class='ocrx_word' id='word_1_52' title='bbox 305 1494 472 1544; x_wconf 71' lang='lat' dir='ltr'>munitidni</span> <span class='ocrx_word' id='word_1_53' title='bbox 489 1492 752 1556; x_wconf 66' lang='lat' dir='ltr'>praemonuerat</span> <span class='ocrx_word' id='word_1_54' title='bbox 769 1493 799 1542; x_wconf 86' lang='lat' dir='ltr'>in</span> <span class='ocrx_word' id='word_1_55' title='bbox 816 1493 954 1543; x_wconf 84' lang='lat' dir='ltr'>comm-ond</span> <span class='ocrx_word' id='word_1_56' title='bbox 966 1493 997 1552; x_wconf 80' lang='lat' dir='ltr'>os</span> <span class='ocrx_word' id='word_1_57' title='bbox 1011 1493 1067 1542; x_wconf 77' lang='lat' dir='ltr'>thol</span> <span class='ocrx_word' id='word_1_58' title='bbox 1077 1492 1260 1555; x_wconf 67' lang='lat' dir='ltr'>sort&#39;uicuta&#39;on.</span> 
     </span>
     <span class='ocr_line' id='line_1_10' title="bbox 110 1575 1263 1638; baseline 0.002 -14"><span class='ocrx_word' id='word_1_59' title='bbox 110 1577 174 1626; x_wconf 91' lang='lat' dir='ltr'>The</span> <span class='ocrx_word' id='word_1_60' title='bbox 187 1576 276 1626; x_wconf 77' lang='lat' dir='ltr'>dative</span> <span class='ocrx_word' id='word_1_61' title='bbox 288 1575 316 1624; x_wconf 87' lang='lat' dir='ltr'>ol</span> <span class='ocrx_word' id='word_1_62' title='bbox 334 1577 380 1626; x_wconf 90' lang='lat' dir='ltr'>tbc</span> <span class='ocrx_word' id='word_1_63' title='bbox 399 1576 512 1625; x_wconf 86' lang='lat' dir='ltr'>indireot</span> <span class='ocrx_word' id='word_1_64' title='bbox 525 1576 614 1638; x_wconf 78' lang='lat' dir='ltr'>object</span> <span class='ocrx_word' id='word_1_65' title='bbox 628 1575 732 1624; x_wconf 77' lang='lat' dir='ltr'>follows</span> <span class='ocrx_word' id='word_1_66' title='bbox 746 1589 825 1637; x_wconf 83' lang='lat' dir='ltr'>many</span> <span class='ocrx_word' id='word_1_67' title='bbox 841 1576 919 1624; x_wconf 84' lang='lat' dir='ltr'>verbs</span> <span class='ocrx_word' id='word_1_68' title='bbox 931 1575 1118 1636; x_wconf 87' lang='lat' dir='ltr'>compouuded</span> <span class='ocrx_word' id='word_1_69' title='bbox 1132 1576 1195 1624; x_wconf 84' lang='lat' dir='ltr'>with</span> <span class='ocrx_word' id='word_1_70' title='bbox 1215 1577 1263 1634; x_wconf 82' lang='lat' dir='ltr'>ad,</span> 
     </span>
     <span class='ocr_line' id='line_1_11' title="bbox 113 1659 1261 1722; baseline -0.002 -13"><span class='ocrx_word' id='word_1_71' title='bbox 113 1664 200 1717; x_wconf 83' lang='lat' dir='ltr'>ante.</span> <span class='ocrx_word' id='word_1_72' title='bbox 214 1673 282 1717; x_wconf 86' lang='lat' dir='ltr'>con,</span> <span class='ocrx_word' id='word_1_73' title='bbox 297 1661 344 1717; x_wconf 75' lang='lat' dir='ltr'>de,</span> <span class='ocrx_word' id='word_1_74' title='bbox 357 1662 396 1718; x_wconf 86' lang='lat' dir='ltr'>in,</span> <span class='ocrx_word' id='word_1_75' title='bbox 413 1662 502 1718; x_wconf 84' lang='lat' dir='ltr'>inter,</span> <span class='ocrx_word' id='word_1_76' title='bbox 516 1660 566 1716; x_wconf 85' lang='lat' dir='ltr'>ob.</span> <span class='ocrx_word' id='word_1_77' title='bbox 579 1663 661 1722; x_wconf 83' lang='lat' dir='ltr'>post,</span> <span class='ocrx_word' id='word_1_78' title='bbox 679 1673 762 1722; x_wconf 81' lang='lat' dir='ltr'>prae,</span> <span class='ocrx_word' id='word_1_79' title='bbox 774 1660 840 1722; x_wconf 75' lang='lat' dir='ltr'>prb,</span> <span class='ocrx_word' id='word_1_80' title='bbox 857 1660 925 1717; x_wconf 79' lang='lat' dir='ltr'>sub,</span> <span class='ocrx_word' id='word_1_81' title='bbox 937 1673 1039 1721; x_wconf 81' lang='lat' dir='ltr'>anper.</span> <span class='ocrx_word' id='word_1_82' title='bbox 1075 1659 1146 1720; x_wconf 80' lang='lat' dir='ltr'><strong>App.</strong></span> <span class='ocrx_word' id='word_1_83' title='bbox 1159 1660 1226 1717; x_wconf 79' lang='lat'><strong>116.</strong></span> <span class='ocrx_word' id='word_1_84' title='bbox 1240 1660 1261 1707; x_wconf 93' lang='lat'>1.</span> 
     </span>
     <span class='ocr_line' id='line_1_12' title="bbox 113 1743 1264 1808; baseline -0.001 -16"><span class='ocrx_word' id='word_1_85' title='bbox 113 1744 251 1804; x_wconf 76' lang='lat' dir='ltr'><strong>Compare</strong></span> <span class='ocrx_word' id='word_1_86' title='bbox 268 1743 410 1793; x_wconf 74' lang='lat' dir='ltr'>finitimis</span> <span class='ocrx_word' id='word_1_87' title='bbox 423 1744 542 1794; x_wconf 84' lang='lat' dir='ltr'>bellum</span> <span class='ocrx_word' id='word_1_88' title='bbox 559 1743 688 1800; x_wconf 63' lang='lat' dir='ltr'>interm</span> <span class='ocrx_word' id='word_1_89' title='bbox 708 1743 770 1792; x_wconf 79' lang='lat' dir='ltr'>sibi</span> <span class='ocrx_word' id='word_1_90' title='bbox 789 1744 932 1805; x_wconf 66' lang='lat' dir='ltr'>suscepit</span> <span class='ocrx_word' id='word_1_91' title='bbox 946 1744 1169 1808; x_wconf 58' lang='lat' dir='ltr'>(sub-lom).</span> <span class='ocrx_word' id='word_1_92' title='bbox 1208 1743 1264 1792; x_wconf 88' lang='lat' dir='ltr'>Tbc</span> 
     </span>
     <span class='ocr_line' id='line_1_13' title="bbox 113 1825 1265 1890; baseline 0.002 -17"><span class='ocrx_word' id='word_1_93' title='bbox 113 1825 208 1875; x_wconf 87' lang='lat' dir='ltr'>dative</span> <span class='ocrx_word' id='word_1_94' title='bbox 227 1825 249 1874; x_wconf 86' lang='lat' dir='ltr'>is</span> <span class='ocrx_word' id='word_1_95' title='bbox 268 1832 313 1875; x_wconf 90' lang='lat' dir='ltr'>not</span> <span class='ocrx_word' id='word_1_96' title='bbox 330 1826 463 1890; x_wconf 79' lang='lat' dir='ltr'>governed</span> <span class='ocrx_word' id='word_1_97' title='bbox 482 1827 516 1888; x_wconf 82' lang='lat' dir='ltr'>by</span> <span class='ocrx_word' id='word_1_98' title='bbox 532 1827 576 1875; x_wconf 85' lang='lat' dir='ltr'>the</span> <span class='ocrx_word' id='word_1_99' title='bbox 596 1826 834 1889; x_wconf 68' lang='lat' dir='ltr'>propositionum</span> <span class='ocrx_word' id='word_1_100' title='bbox 852 1826 897 1875; x_wconf 86' lang='lat' dir='ltr'>tlre</span> <span class='ocrx_word' id='word_1_101' title='bbox 914 1826 1079 1888; x_wconf 79' lang='lat' dir='ltr'>proposition</span> <span class='ocrx_word' id='word_1_102' title='bbox 1096 1841 1127 1875; x_wconf 89' lang='lat' dir='ltr'>so</span> <span class='ocrx_word' id='word_1_103' title='bbox 1143 1825 1265 1875; x_wconf 67' lang='lat' dir='ltr'>mollities</span> 
     </span>
     <span class='ocr_line' id='line_1_14' title="bbox 115 1909 1039 1978; baseline 0.001 -21"><span class='ocrx_word' id='word_1_104' title='bbox 115 1911 163 1978; x_wconf 79' lang='lat' dir='ltr'>the</span> <span class='ocrx_word' id='word_1_105' title='bbox 175 1909 300 1973; x_wconf 81' lang='lat' dir='ltr'>meaning</span> <span class='ocrx_word' id='word_1_106' title='bbox 313 1910 341 1959; x_wconf 82' lang='lat' dir='ltr'>oi</span> <span class='ocrx_word' id='word_1_107' title='bbox 353 1911 398 1960; x_wconf 91' lang='lat' dir='ltr'>the</span> <span class='ocrx_word' id='word_1_108' title='bbox 410 1911 474 1959; x_wconf 84' lang='lat' dir='ltr'>verb</span> <span class='ocrx_word' id='word_1_109' title='bbox 488 1925 517 1959; x_wconf 83' lang='lat' dir='ltr'>us</span> <span class='ocrx_word' id='word_1_110' title='bbox 531 1917 558 1959; x_wconf 86' lang='lat' dir='ltr'>to</span> <span class='ocrx_word' id='word_1_111' title='bbox 571 1911 649 1959; x_wconf 86' lang='lat' dir='ltr'>make</span> <span class='ocrx_word' id='word_1_112' title='bbox 662 1910 683 1960; x_wconf 87' lang='lat' dir='ltr'>it</span> <span class='ocrx_word' id='word_1_113' title='bbox 695 1909 758 1960; x_wconf 87' lang='lat' dir='ltr'>take</span> <span class='ocrx_word' id='word_1_114' title='bbox 771 1924 804 1960; x_wconf 86' lang='lat' dir='ltr'>au</span> <span class='ocrx_word' id='word_1_115' title='bbox 818 1909 932 1960; x_wconf 87' lang='lat' dir='ltr'>indirect</span> <span class='ocrx_word' id='word_1_116' title='bbox 944 1909 1039 1972; x_wconf 81' lang='lat' dir='ltr'>object.</span> 
     </span>
    </p>
   </div>
   <div class='ocr_carea' id='block_1_6' title="bbox 117 2027 1325 2246">
    <p class='ocr_par' dir='ltr' id='par_1_6' title="bbox 117 2027 1325 2246">
     <span class='ocr_line' id='line_1_15' title="bbox 167 2027 1264 2091; baseline 0 -14"><span class='ocrx_word' id='word_1_117' title='bbox 167 2027 242 2077; x_wconf 78' lang='lat'>599.</span> <span class='ocrx_word' id='word_1_118' title='bbox 266 2030 383 2091; x_wconf 67' lang='lat' dir='ltr'>magnis</span> <span class='ocrx_word' id='word_1_119' title='bbox 403 2031 579 2086; x_wconf 68' lang='lat' dir='ltr'>itineribus,</span> <span class='ocrx_word' id='word_1_120' title='bbox 597 2027 628 2088; x_wconf 71' lang='lat' dir='ltr'>by</span> <span class='ocrx_word' id='word_1_121' title='bbox 647 2027 740 2088; x_wconf 67' lang='lat' dir='ltr'>¹forced</span> <span class='ocrx_word' id='word_1_122' title='bbox 758 2028 882 2080; x_wconf 78' lang='lat' dir='ltr'>maroles.</span> <span class='ocrx_word' id='word_1_123' title='bbox 920 2029 977 2078; x_wconf 86' lang='lat' dir='ltr'>The</span> <span class='ocrx_word' id='word_1_124' title='bbox 1001 2027 1126 2088; x_wconf 78' lang='lat' dir='ltr'>ablativo,</span> <span class='ocrx_word' id='word_1_125' title='bbox 1146 2029 1210 2077; x_wconf 86' lang='lat' dir='ltr'>witlr</span> <span class='ocrx_word' id='word_1_126' title='bbox 1228 2043 1264 2078; x_wconf 87' lang='lat' dir='ltr'>an</span> 
     </span>
     <span class='ocr_line' id='line_1_16' title="bbox 117 2110 1264 2175; baseline 0.001 -16"><span class='ocrx_word' id='word_1_127' title='bbox 117 2110 250 2172; x_wconf 80' lang='lat' dir='ltr'>adjective</span> <span class='ocrx_word' id='word_1_128' title='bbox 268 2111 296 2159; x_wconf 92' lang='lat' dir='ltr'>in</span> <span class='ocrx_word' id='word_1_129' title='bbox 313 2119 467 2174; x_wconf 77' lang='lat' dir='ltr'>agreement</span> <span class='ocrx_word' id='word_1_130' title='bbox 479 2127 510 2160; x_wconf 93' lang='lat'>01·</span> <span class='ocrx_word' id='word_1_131' title='bbox 523 2127 539 2162; x_wconf 88' lang='lat' dir='ltr'>a</span> <span class='ocrx_word' id='word_1_132' title='bbox 550 2112 666 2174; x_wconf 74' lang='lat' dir='ltr'>limiring</span> <span class='ocrx_word' id='word_1_133' title='bbox 683 2112 800 2175; x_wconf 78' lang='lat' dir='ltr'>genitive</span> <span class='ocrx_word' id='word_1_134' title='bbox 813 2126 843 2161; x_wconf 91' lang='lat' dir='ltr'>or</span> <span class='ocrx_word' id='word_1_135' title='bbox 856 2111 920 2160; x_wconf 87' lang='lat' dir='ltr'>witb</span> <span class='ocrx_word' id='word_1_136' title='bbox 939 2113 984 2161; x_wconf 83' lang='lat' dir='ltr'>tlre</span> <span class='ocrx_word' id='word_1_137' title='bbox 1002 2112 1167 2174; x_wconf 86' lang='lat' dir='ltr'>prepositlon</span> <span class='ocrx_word' id='word_1_138' title='bbox 1185 2126 1264 2170; x_wconf 85' lang='lat' dir='ltr'>oum,</span> 
     </span>
     <span class='ocr_line' id='line_1_17' title="bbox 117 2193 1325 2246; baseline 0.001 -4"><span class='ocrx_word' id='word_1_139' title='bbox 117 2193 140 2243; x_wconf 86' lang='lat' dir='ltr'>is</span> <span class='ocrx_word' id='word_1_140' title='bbox 159 2194 226 2244; x_wconf 84' lang='lat' dir='ltr'>used</span> <span class='ocrx_word' id='word_1_141' title='bbox 244 2199 271 2244; x_wconf 90' lang='lat' dir='ltr'>to</span> <span class='ocrx_word' id='word_1_142' title='bbox 288 2194 409 2244; x_wconf 87' lang='lat' dir='ltr'>describe</span> <span class='ocrx_word' id='word_1_143' title='bbox 427 2195 472 2244; x_wconf 88' lang='lat' dir='ltr'>the</span> <span class='ocrx_word' id='word_1_144' title='bbox 492 2209 602 2246; x_wconf 82' lang='lat' dir='ltr'>manner</span> <span class='ocrx_word' id='word_1_145' title='bbox 619 2195 647 2244; x_wconf 83' lang='lat' dir='ltr'>oi</span> <span class='ocrx_word' id='word_1_146' title='bbox 671 2209 706 2244; x_wconf 89' lang='lat' dir='ltr'>an</span> <span class='ocrx_word' id='word_1_147' title='bbox 724 2194 822 2244; x_wconf 88' lang='lat' dir='ltr'>action.</span> <span class='ocrx_word' id='word_1_148' title='bbox 860 2195 926 2244; x_wconf 75' lang='lat' dir='ltr'>&#39;l&#39;hls</span> <span class='ocrx_word' id='word_1_149' title='bbox 949 2194 1065 2244; x_wconf 84' lang='lat' dir='ltr'>ablativo</span> <span class='ocrx_word' id='word_1_150' title='bbox 1083 2209 1201 2244; x_wconf 88' lang='lat' dir='ltr'>answers</span> <span class='ocrx_word' id='word_1_151' title='bbox 1220 2195 1264 2243; x_wconf 90' lang='lat' dir='ltr'>tbe</span> <span class='ocrx_word' id='word_1_152' title='bbox 1323 2205 1325 2210; x_wconf 85' lang='lat'>·</span> 
     </span>
    </p>
   </div>
   <div class='ocr_carea' id='block_1_7' title="bbox 117 2277 1264 2424">
    <p class='ocr_par' dir='ltr' id='par_1_7' title="bbox 117 2277 1264 2424">
     <span class='ocr_line' id='line_1_18' title="bbox 117 2277 1264 2341; baseline 0.002 -15"><span class='ocrx_word' id='word_1_153' title='bbox 117 2278 243 2340; x_wconf 79' lang='lat' dir='ltr'>question</span> <span class='ocrx_word' id='word_1_154' title='bbox 255 2277 318 2338; x_wconf 80' lang='lat' dir='ltr'>low,</span> <span class='ocrx_word' id='word_1_155' title='bbox 334 2278 387 2327; x_wconf 88' lang='lat' dir='ltr'>and</span> <span class='ocrx_word' id='word_1_156' title='bbox 406 2279 429 2326; x_wconf 89' lang='lat' dir='ltr'>is</span> <span class='ocrx_word' id='word_1_157' title='bbox 446 2278 531 2328; x_wconf 88' lang='lat' dir='ltr'>called</span> <span class='ocrx_word' id='word_1_158' title='bbox 550 2279 594 2328; x_wconf 89' lang='lat' dir='ltr'>the</span> <span class='ocrx_word' id='word_1_159' title='bbox 614 2279 723 2330; x_wconf 77' lang='lat' dir='ltr'>ablativo</span> <span class='ocrx_word' id='word_1_160' title='bbox 735 2278 767 2339; x_wconf 81' lang='lat' dir='ltr'>os</span> <span class='ocrx_word' id='word_1_161' title='bbox 781 2293 900 2329; x_wconf 82' lang='lat' dir='ltr'>manner.</span> <span class='ocrx_word' id='word_1_162' title='bbox 937 2279 1009 2340; x_wconf 90' lang='lat' dir='ltr'>App.</span> <span class='ocrx_word' id='word_1_163' title='bbox 1025 2280 1093 2328; x_wconf 84' lang='lat'><strong>142.</strong></span> <span class='ocrx_word' id='word_1_164' title='bbox 1132 2279 1264 2341; x_wconf 83' lang='lat' dir='ltr'>Compare</span> 
     </span>
     <span class='ocr_line' id='line_1_19' title="bbox 118 2362 554 2424; baseline 0.002 -14"><span class='ocrx_word' id='word_1_165' title='bbox 118 2362 232 2424; x_wconf 65' lang='lat' dir='ltr'>magud</span> <span class='ocrx_word' id='word_1_166' title='bbox 241 2374 313 2411; x_wconf 86' lang='lat' dir='ltr'>cum</span> <span class='ocrx_word' id='word_1_167' title='bbox 325 2363 474 2424; x_wconf 73' lang='lat' dir='ltr'>periculo,</span> <span class='ocrx_word' id='word_1_168' title='bbox 487 2363 554 2412; x_wconf 78' lang='lat'>⁵81.</span> 
     </span>
    </p>
   </div>
   <div class='ocr_carea' id='block_1_8' title="bbox 118 2477 1265 2707">
    <p class='ocr_par' dir='ltr' id='par_1_8' title="bbox 118 2477 1265 2707">
     <span class='ocr_line' id='line_1_20' title="bbox 167 2477 1265 2542; baseline 0.002 -15"><span class='ocrx_word' id='word_1_169' title='bbox 167 2477 241 2527; x_wconf 83' lang='grc'>600.</span> <span class='ocrx_word' id='word_1_170' title='bbox 265 2492 337 2528; x_wconf 86' lang='lat' dir='ltr'>cum</span> <span class='ocrx_word' id='word_1_171' title='bbox 354 2478 403 2527; x_wconf 75' lang='lat' dir='ltr'>his</span> <span class='ocrx_word' id='word_1_172' title='bbox 425 2481 562 2542; x_wconf 84' lang='lat' dir='ltr'>quinque</span> <span class='ocrx_word' id='word_1_173' title='bbox 581 2481 773 2542; x_wconf 68' lang='lat' dir='ltr'>legionibus:</span> <span class='ocrx_word' id='word_1_174' title='bbox 793 2479 1026 2542; x_wconf 86' lang='lat' dir='ltr'>accompaniment</span> <span class='ocrx_word' id='word_1_175' title='bbox 1037 2479 1061 2527; x_wconf 87' lang='lat' dir='ltr'>is</span> <span class='ocrx_word' id='word_1_176' title='bbox 1072 2478 1206 2542; x_wconf 82' lang='lat' dir='ltr'>regularly</span> <span class='ocrx_word' id='word_1_177' title='bbox 1219 2479 1265 2529; x_wconf 88' lang='lat' dir='ltr'>de-</span> 
     </span>
     <span class='ocr_line' id='line_1_21' title="bbox 119 2561 1263 2636; baseline 0 -26"><span class='ocrx_word' id='word_1_178' title='bbox 119 2561 201 2611; x_wconf 88' lang='lat' dir='ltr'>noted</span> <span class='ocrx_word' id='word_1_179' title='bbox 220 2563 255 2624; x_wconf 91' lang='lat' dir='ltr'>by</span> <span class='ocrx_word' id='word_1_180' title='bbox 268 2563 313 2610; x_wconf 87' lang='lat' dir='ltr'>the</span> <span class='ocrx_word' id='word_1_181' title='bbox 332 2561 448 2611; x_wconf 85' lang='lat' dir='ltr'>ablative</span> <span class='ocrx_word' id='word_1_182' title='bbox 461 2563 525 2610; x_wconf 87' lang='lat' dir='ltr'>with</span> <span class='ocrx_word' id='word_1_183' title='bbox 545 2576 623 2612; x_wconf 85' lang='lat' dir='ltr'>eum.</span> <span class='ocrx_word' id='word_1_184' title='bbox 659 2564 730 2625; x_wconf 84' lang='lat' dir='ltr'>App.</span> <span class='ocrx_word' id='word_1_185' title='bbox 746 2564 815 2614; x_wconf 78' lang='lat'><strong>140.</strong></span> <span class='ocrx_word' id='word_1_186' title='bbox 853 2562 919 2612; x_wconf 85' lang='lat' dir='ltr'>This</span> <span class='ocrx_word' id='word_1_187' title='bbox 935 2561 1120 2636; x_wconf 78' lang='lat' dir='ltr'>construction</span> <span class='ocrx_word' id='word_1_188' title='bbox 1137 2562 1161 2611; x_wconf 87' lang='lat' dir='ltr'>is</span> <span class='ocrx_word' id='word_1_189' title='bbox 1178 2561 1263 2611; x_wconf 89' lang='lat' dir='ltr'>called</span> 
     </span>
     <span class='ocr_line' id='line_1_22' title="bbox 118 2645 573 2707; baseline 0 -12"><span class='ocrx_word' id='word_1_190' title='bbox 118 2645 165 2695; x_wconf 81' lang='lat' dir='ltr'>the</span> <span class='ocrx_word' id='word_1_191' title='bbox 177 2645 287 2696; x_wconf 66' lang='lat' dir='ltr'>obluioe</span> <span class='ocrx_word' id='word_1_192' title='bbox 299 2645 330 2705; x_wconf 87' lang='lat' dir='ltr'>of</span> <span class='ocrx_word' id='word_1_193' title='bbox 339 2647 573 2707; x_wconf 78' lang='lat' dir='ltr'>accompona&#39;ment.</span> 
     </span>
    </p>
   </div>
   <div class='ocr_carea' id='block_1_9' title="bbox 454 2931 918 3004">
    <p class='ocr_par' dir='ltr' id='par_1_9' title="bbox 454 2931 918 3004">
     <span class='ocr_line' id='line_1_23' title="bbox 454 2931 918 3004; baseline 0.006 -6"><span class='ocrx_word' id='word_1_194' title='bbox 454 2932 673 3004; x_wconf 86' lang='lat' dir='ltr'>LESSON</span> <span class='ocrx_word' id='word_1_195' title='bbox 710 2931 918 3001; x_wconf 65' lang='lat' dir='ltr'>lxxviii</span> 
     </span>
    </p>
   </div>
   <div class='ocr_carea' id='block_1_10' title="bbox 166 3134 740 3185">
    <p class='ocr_par' dir='ltr' id='par_1_10' title="bbox 166 3134 740 3185">
     <span class='ocr_line' id='line_1_24' title="bbox 166 3134 740 3185; baseline -0.003 -1"><span class='ocrx_word' id='word_1_196' title='bbox 166 3134 227 3185; x_wconf 79' lang='lat' dir='ltr'>col.</span> <span class='ocrx_word' id='word_1_197' title='bbox 639 3134 740 3184; x_wconf 89' lang='grc' dir='ltr'>ΤΕΧΤ</span> 
     </span>
    </p>
   </div>
   <div class='ocr_carea' id='block_1_11' title="bbox 119 3253 1265 3991">
    <p class='ocr_par' dir='ltr' id='par_1_11' title="bbox 119 3253 1265 3991">
     <span class='ocr_line' id='line_1_25' title="bbox 166 3253 1262 3340; baseline 0.002 -24"><span class='ocrx_word' id='word_1_198' title='bbox 166 3253 216 3317; x_wconf 90' lang='lat' dir='ltr'>Ibi</span> <span class='ocrx_word' id='word_1_199' title='bbox 240 3253 425 3317; x_wconf 72' lang='lat' dir='ltr'>Ceutrones</span> <span class='ocrx_word' id='word_1_200' title='bbox 444 3259 479 3316; x_wconf 90' lang='lat' dir='ltr'>et</span> <span class='ocrx_word' id='word_1_201' title='bbox 495 3253 660 3316; x_wconf 70' lang='lat' dir='ltr'>Graioceli</span> <span class='ocrx_word' id='word_1_202' title='bbox 677 3261 712 3316; x_wconf 89' lang='lat' dir='ltr'>et</span> <span class='ocrx_word' id='word_1_203' title='bbox 731 3253 908 3340; x_wconf 77' lang='lat' dir='ltr'>Catunges</span> <span class='ocrx_word' id='word_1_204' title='bbox 932 3255 1014 3318; x_wconf 88' lang='lat' dir='ltr'>locis</span> <span class='ocrx_word' id='word_1_205' title='bbox 1038 3254 1262 3337; x_wconf 78' lang='lat' dir='ltr'>superioribus</span> 
     </span>
     <span class='ocr_line' id='line_1_26' title="bbox 120 3361 1264 3445; baseline -0.003 -19"><span class='ocrx_word' id='word_1_206' title='bbox 120 3368 287 3444; x_wconf 70' lang='lat' dir='ltr'>occup-ads</span> <span class='ocrx_word' id='word_1_207' title='bbox 314 3361 431 3424; x_wconf 90' lang='lat' dir='ltr'>itinere</span> <span class='ocrx_word' id='word_1_208' title='bbox 457 3362 643 3425; x_wconf 87' lang='lat' dir='ltr'>exercitum</span> <span class='ocrx_word' id='word_1_209' title='bbox 669 3362 840 3445; x_wconf 76' lang='lat' dir='ltr'>prohibere</span> <span class='ocrx_word' id='word_1_210' title='bbox 858 3369 1030 3426; x_wconf 76' lang='lat' dir='ltr'>conantur.</span> <span class='ocrx_word' id='word_1_211' title='bbox 1081 3361 1264 3445; x_wconf 80' lang='lat' dir='ltr'>Compluri-</span> 
     </span>
     <span class='ocr_line' id='line_1_27' title="bbox 120 3469 1265 3555; baseline -0.003 -20"><span class='ocrx_word' id='word_1_212' title='bbox 120 3472 181 3535; x_wconf 88' lang='lat' dir='ltr'>bus</span> <span class='ocrx_word' id='word_1_213' title='bbox 203 3471 255 3533; x_wconf 88' lang='lat' dir='ltr'>his</span> <span class='ocrx_word' id='word_1_214' title='bbox 282 3469 415 3553; x_wconf 86' lang='lat' dir='ltr'>proeliis</span> <span class='ocrx_word' id='word_1_215' title='bbox 431 3471 549 3555; x_wconf 78' lang='lat' dir='ltr'>pulsia,</span> <span class='ocrx_word' id='word_1_216' title='bbox 566 3471 607 3534; x_wconf 90' lang='lat' dir='ltr'>ab</span> <span class='ocrx_word' id='word_1_217' title='bbox 625 3471 739 3547; x_wconf 81' lang='lat' dir='ltr'>Ocelo,</span> <span class='ocrx_word' id='word_1_218' title='bbox 757 3470 848 3555; x_wconf 90' lang='lat' dir='ltr'>quod</span> <span class='ocrx_word' id='word_1_219' title='bbox 873 3479 924 3534; x_wconf 90' lang='lat' dir='ltr'>est</span> <span class='ocrx_word' id='word_1_220' title='bbox 948 3471 1110 3535; x_wconf 78' lang='lat' dir='ltr'>citerioris</span> <span class='ocrx_word' id='word_1_221' title='bbox 1136 3471 1265 3553; x_wconf 80' lang='lat' dir='ltr'>provin-</span> 
     </span>
     <span class='ocr_line' id='line_1_28' title="bbox 120 3578 1263 3662; baseline -0.001 -20"><span class='ocrx_word' id='word_1_222' title='bbox 120 3580 186 3643; x_wconf 90' lang='lat' dir='ltr'>ciae</span> <span class='ocrx_word' id='word_1_223' title='bbox 214 3586 411 3656; x_wconf 76' lang='lat' dir='ltr'>extremum,</span> <span class='ocrx_word' id='word_1_224' title='bbox 436 3579 473 3643; x_wconf 90' lang='lat' dir='ltr'>in</span> <span class='ocrx_word' id='word_1_225' title='bbox 496 3578 583 3643; x_wconf 78' lang='lat' dir='ltr'>fines</span> <span class='ocrx_word' id='word_1_226' title='bbox 612 3579 855 3643; x_wconf 79' lang='lat' dir='ltr'>Vocontiorum</span> <span class='ocrx_word' id='word_1_227' title='bbox 882 3579 1048 3642; x_wconf 81' lang='lat' dir='ltr'>ulterioris</span> <span class='ocrx_word' id='word_1_228' title='bbox 1075 3578 1263 3662; x_wconf 81' lang='lat' dir='ltr'>provinciae</span> 
     </span>
     <span class='ocr_line' id='line_1_29' title="bbox 120 3681 1265 3772; baseline -0.001 -22"><span class='ocrx_word' id='word_1_229' title='bbox 120 3686 170 3751; x_wconf 84' lang='lat' dir='ltr'>die</span> <span class='ocrx_word' id='word_1_230' title='bbox 195 3687 335 3772; x_wconf 78' lang='lat' dir='ltr'>septimo</span> <span class='ocrx_word' id='word_1_231' title='bbox 353 3689 526 3772; x_wconf 85' lang='lat' dir='ltr'>pervenit3</span> <span class='ocrx_word' id='word_1_232' title='bbox 552 3686 629 3752; x_wconf 91' lang='lat' dir='ltr'>inde</span> <span class='ocrx_word' id='word_1_233' title='bbox 646 3681 682 3751; x_wconf 91' lang='lat' dir='ltr'>in</span> <span class='ocrx_word' id='word_1_234' title='bbox 699 3688 922 3772; x_wconf 85' lang='lat' dir='ltr'>Allobrogum</span> <span class='ocrx_word' id='word_1_235' title='bbox 938 3686 1036 3762; x_wconf 76' lang='lat' dir='ltr'>fines,</span> <span class='ocrx_word' id='word_1_236' title='bbox 1054 3687 1096 3750; x_wconf 88' lang='lat' dir='ltr'>ab</span> <span class='ocrx_word' id='word_1_237' title='bbox 1112 3685 1265 3750; x_wconf 80' lang='lat' dir='ltr'>Allobro</span> 
     </span>
     <span class='ocr_line' id='line_1_30' title="bbox 119 3794 1265 3883; baseline -0.003 -23"><span class='ocrx_word' id='word_1_238' title='bbox 119 3796 213 3882; x_wconf 81' lang='lat' dir='ltr'>gibus</span> <span class='ocrx_word' id='word_1_239' title='bbox 230 3797 266 3859; x_wconf 92' lang='lat' dir='ltr'>in</span> <span class='ocrx_word' id='word_1_240' title='bbox 286 3796 484 3883; x_wconf 78' lang='lat' dir='ltr'>Segusiavos</span> <span class='ocrx_word' id='word_1_241' title='bbox 500 3797 687 3862; x_wconf 85' lang='lat' dir='ltr'>exercitum</span> <span class='ocrx_word' id='word_1_242' title='bbox 710 3795 814 3859; x_wconf 77' lang='lat' dir='ltr'>ducit.</span> <span class='ocrx_word' id='word_1_243' title='bbox 865 3795 912 3858; x_wconf 88' lang='lat' dir='ltr'>Hi</span> <span class='ocrx_word' id='word_1_244' title='bbox 928 3802 1008 3858; x_wconf 90' lang='lat' dir='ltr'>sunt</span> <span class='ocrx_word' id='word_1_245' title='bbox 1025 3800 1119 3857; x_wconf 77' lang='lat' dir='ltr'>extra</span> <span class='ocrx_word' id='word_1_246' title='bbox 1136 3794 1265 3878; x_wconf 81' lang='lat' dir='ltr'>provin-</span> 
     </span>
     <span class='ocr_line' id='line_1_31' title="bbox 119 3905 651 3991; baseline 0.002 -22"><span class='ocrx_word' id='word_1_247' title='bbox 119 3907 199 3970; x_wconf 88' lang='lat' dir='ltr'>ciam</span> <span class='ocrx_word' id='word_1_248' title='bbox 217 3913 307 3970; x_wconf 75' lang='lat' dir='ltr'>trans</span> <span class='ocrx_word' id='word_1_249' title='bbox 326 3905 527 3970; x_wconf 87' lang='lat' dir='ltr'>Rhodanum</span> <span class='ocrx_word' id='word_1_250' title='bbox 544 3913 651 3991; x_wconf 89' lang='lat' dir='ltr'>primi.</span> 
     </span>
    </p>
   </div>
   <div class='ocr_carea' id='block_1_12' title="bbox 0 0 1470 4434">
    <p class='ocr_par' dir='ltr' id='par_1_12' title="bbox 0 0 1470 4434">
     <span class='ocr_line' id='line_1_32' title="bbox 0 0 1470 4434; baseline 0 0"><span class='ocrx_word' id='word_1_251' title='bbox 0 0 1470 4434; x_wconf 95' lang='lat' dir='ltr'> </span> 
     </span>
    </p>
   </div>
  </div>
 </body>
</html>
