2892 4434
539 313 710 363 charran
735 314 802 361 xvr
1180 298 1245 363 199

80 492 128 548 se
147 483 280 550 diutius
297 482 375 548 duci
390 483 561 548 intellexit
576 488 611 546 et
626 480 715 546 diem
731 487 853 545 instare
870 488 938 566 quo
962 480 1016 547 die
1037 480 1245 548 frumentum
1256 499 1285 549 lo

82 592 262 664 militibus
279 598 389 656 metiri
407 597 583 676 oporteret,
600 595 790 655 convocatis
807 595 922 653 eorum
939 590 1153 676 principibus,
1167 597 1246 676 quo-

86 723 172 765 rum
190 707 343 786 magnam
361 701 492 784 copiam
514 700 550 762 in
574 703 690 762 castris
715 697 868 774 habebat,
886 697 922 761 in
937 697 989 762 his
1014 697 1187 762 Divicirico
1211 707 1247 764 et

90 811 209 886 Lisco,
236 816 296 894 qui
319 815 447 872 summo
472 808 682 894 magistratui
706 812 864 891 praeerat,
889 827 990 892 quem
1013 807 1245 893 vergobretum

89 920 271 1004 appellant
299 917 421 995 Aedui
458 923 518 1002 qui
549 921 681 981 creatur
696 936 828 979 annuus
855 921 890 980 et
915 921 1003 980 vItae
1028 917 1185 1001 necisque
1210 917 1245 980 in

89 1035 179 1092 suos
194 1027 295 1092 habet
309 1032 519 1112 potestatem,
532 1026 682 1112 graviter
697 1033 753 1090 eos
771 1031 915 1102 accusat,
929 1024 1121 1110 quodcum
1137 1043 1244 1111 nequa
1257 1038 1287 1086 15

91 1143 164 1199 emi
181 1158 289 1222 neque
306 1157 349 1202 ex
366 1143 452 1227 agris
469 1142 557 1200 sumi
580 1145 702 1222 posset,
720 1144 788 1201 tam
805 1137 988 1201 necessario
1001 1143 1159 1222 tempore,
1177 1143 1245 1200 tarn

91 1245 294 1329 propinquis
310 1245 473 1322 hostibus,
490 1245 533 1333 ab
549 1252 595 1310 eis
620 1253 687 1310 non
710 1246 923 1322 sublevetur3
949 1246 1142 1330 praesertim
1169 1267 1245 1308 cum

92 1359 219 1438 magnai
245 1374 289 1417 ex
309 1361 402 1438 parte
421 1361 536 1418 eorum
552 1354 707 1439 precibus
724 1353 1035 1467 adductusaebellum
1051 1355 1243 1438 susceperit,

92 1461 206 1525 multo
223 1463 323 1526 etiam
338 1463 475 1548 gravius
492 1461 583 1548 quod
599 1462 645 1527 sit
660 1461 843 1528 destitutus
859 1463 1020 1547 queritur.

91 1621 144 1670 10.
170 1621 264 1681 inste,
282 1624 386 1681 -atfire,
404 1623 493 1681 -etitl,
514 1624 647 1671 -etfltum
697 1623 744 1672 1⁵.
768 1625 921 1685 potestas,
940 1623 1022 1680 -atls,
1045 1637 1069 1670 r.
1094 1620 1244 1687 [possum

130 1703 212 1753 stand
224 1717 306 1766 upon,
320 1705 353 1754 be
365 1718 430 1754 near
442 1701 470 1754 at
481 1705 555 1754 hand
731 1705 764 1754 be
787 1705 869 1771 able],
906 1718 1005 1768 power,
1026 1703 1175 1764 dominion,
1198 1719 1245 1753 au-

93 1788 144 1836 11.
170 1790 290 1847 metior,
304 1789 413 1848 mttlrl,
430 1791 558 1839 mensus
576 1801 647 1838 eum
730 1788 832 1852 thority

129 1885 254 1920 measure
442 1869 446 1876 '
698 1873 822 1932 accitae,
837 1872 859 1934 1,
895 1871 992 1934 blame,
1012 1886 1132 1933 censure,
1150 1886 1244 1922 acerrae

93 1954 253 2012 convoco,
271 1955 294 2015 1,
309 1953 360 2003 call
377 1955 506 2017 together,
521 1969 646 2005 sammon
697 1956 745 2006 16.
768 1957 845 2015 emo,
873 1969 983 2016 emere,
1008 1957 1075 2014 emi,
1105 1957 1244 2018 emptum

93 2037 146 2087 13.
168 2037 289 2096 Liscus,
306 2039 335 2096 -l,
352 2053 394 2099 rc,
426 2037 521 2088 Liseus
539 2039 567 2104 (c
578 2038 650 2090 chief
731 2040 942 2102 buy,purcl1ase

129 2121 284 2182 mayotrate
295 2121 327 2181 of
334 2121 376 2171 tlte
386 2120 486 2187 Aedui)
696 2124 744 2172 17.
767 2125 971 2186 propinquus,
985 2137 1023 2183 -e,
1038 2137 1104 2173 -um
1125 2121 1242 2188 [prope.

94 2217 247 2263 summus,
261 2218 298 2263 -a‚
317 2218 382 2254 -um
418 2205 487 2271 (sap.
509 2205 541 2265 os
554 2219 645 2268 supe·
729 2207 806 2272 near]
843 2219 917 2266 near,
932 2206 1118 2270 neighboring‚
1133 2205 1203 2254 cloec
1216 2209 1243 2255 at

129 2286 195 2352 rus)
231 2287 337 2350 highest
729 2289 819 2357 hand3
839 2289 925 2351 (inpl.
942 2288 1087 2352 manha),
1100 2288 1226 2338 relatives

94 2383 252 2434 praesum.
265 2384 356 2430 esee,
365 2372 423 2421 -ful
455 2371 646 2422 beoverorin
696 2373 840 2432 sublevo,
853 2373 877 2432 1,
914 2372 1027 2433 sustain,
1042 2371 1122 2422 assist

129 2453 275 2503 command
666 2452 668 2456 ’
696 2457 889 2518 praesertim,
912 2455 981 2516 oda,
1001 2454 1184 2518 particularly,
1203 2470 1243 2505 es-

95 2537 314 2599 vergobretue,
327 2539 356 2596 -1,
370 2553 411 2600 n,
448 2538 555 2588 thetide
567 2538 647 2598 osttc
730 2537 844 2601 pacially

130 2620 247 2671 Aeduae
259 2620 330 2682 oties
343 2622 497 2683 mcytstrote
697 2623 744 2672 18.
768 2635 854 2685 prex,
886 2624 998 2686 precis,
1035 2639 1059 2672 r.
1111 2623 1242 2688 [precor‚

94 2704 145 2753 14.
169 2705 251 2766 ereb,
262 2704 286 2765 1,
315 2710 412 2766 create,
426 2705 553 2767 produce,
567 2704 643 2767 elect,
729 2705 821 2773 pray]‚
845 2705 886 2771 (tn
913 2707 981 2768 stop.
1018 2705 1080 2766 only
1113 2707 1144 2755 in
1177 2703 1240 2771 abl.)

130 2787 244 2850 appoint
729 2803 835 2853 prayer,
849 2795 971 2852 entreaty

95 2884 229 2930 annuus,
253 2886 291 2930 -a,
320 2886 386 2922 -um
417 2870 538 2935 [annua
566 2874 643 2940 year]
696 2873 744 2923 19.
768 2874 918 2932 destituti,
949 2877 1102 2932 -etituere,
1132 2875 1242 2932 -stitui,

129 2967 196 3015 year
207 2955 242 3016 by
256 2969 328 3016 year,
343 2955 445 3017 yearly,
461 2955 560 3005 annual
730 2958 892 3006 -etithtum
905 2957 1033 3020 [statuo.
1046 2963 1086 3007 set
1098 2959 1146 3022 up]
1161 2963 1201 3003 sot
1214 2971 1243 3005 cr

96 3038 172 3096 vita,
185 3051 242 3096 -ae,
257 3053 292 3097 aa,
328 3037 376 3086 life
729 3039 804 3101 place
817 3039 899 3101 aeide,
913 3040 1029 3102 forsake,
1044 3041 1132 3090 desert

95 3133 168 3176 nex,
192 3122 287 3178 necis,
313 3137 336 3168 r.
371 3120 471 3185 [ne05,
489 3121 570 3188 slay],
591 3121 647 3171 vio·
697 3136 818 3186 queror,
832 3125 926 3186 queri,
941 3129 1074 3187 questus
1083 3138 1153 3173 sum
1171 3136 1243 3172 corn·

129 3201 188 3250 lent
200 3201 289 3264 death,
304 3203 384 3252 death
730 3205 813 3268 plain,
827 3207 931 3267 bewail,
946 3207 1048 3256 lament

144 3398 186 3449 10.
209 3401 328 3450 diutius
349 3401 541 3466 (comparative
553 3403 582 3452 of
595 3403 670 3467 din),
687 3405 728 3452 too
741 3403 809 3466 lonc.
848 3404 896 3454 See
909 3406 979 3468 App.
995 3407 1062 3456 161.

143 3480 174 3532 ΙΙ.
198 3487 375 3546 oporteret:
404 3487 476 3549 App.
505 3487 573 3536 269.
608 3488 796 3536 convocatis
816 3489 1091 3552 ...principibus
1114 3488 1145 3538 lte
1172 3501 1241 3537 sum·

95 3567 191 3616 merted
202 3566 243 3618 tle
254 3567 326 3628 cties
336 3583 402 3630 men,
417 3570 471 3618 aad
490 3607 495 3617 .
518 3606 523 3617 .
547 3606 552 3616 .
573 3569 704 3629 censured,
720 3577 788 3618 etc:
807 3570 876 3632 App.
892 3572 959 3622 150.

143 3647 184 3697 te.
206 3653 416 3714 magistratui:
437 3653 508 3716 App.
523 3654 592 3713 116,
608 3654 629 3702 Ι.

143 3730 184 3781 Π.
205 3735 408 3788 sublevetur:
427 3738 497 3800 App.
519 3739 586 3788 244.
622 3739 655 3788 In
672 3739 727 3789 this
744 3754 804 3788 case
821 3739 867 3788 the
885 3751 964 3788 cetrae
984 3740 1008 3787 ls
1029 3739 1152 3789 Caesar’s
1170 3753 1239 3798 own,

96 3820 144 3864 not
160 3818 308 3868 another's.
348 3822 400 3872 Yet
417 3821 451 3870 he
469 3821 492 3870 ia
510 3821 623 3886 quoting
640 3823 687 3872 the
707 3835 802 3872 reason
819 3821 853 3870 he
869 3836 935 3886 gave
955 3820 998 3870 for
1018 3820 1062 3871 his
1079 3821 1240 3884 complaint:

96 3895 180 3948 hence
193 3899 239 3948 the
252 3901 432 3964 subjunctive.
