2892 4434
71 322 108 384 §t
132 331 287 384 681—686
518 334 653 386 nnsson
678 335 825 384 nxxxix
1180 318 1245 386 189

613 553 741 606 NOTES

139 659 212 712 681.
234 661 463 712 committeret:
482 671 525 707 see
543 657 615 720 App.
630 635 712 707 ‘262
760 657 998 709 oenstttlseent:
1017 671 1061 707 see
1081 659 1152 721 App.
1178 639 1247 711 569.

80 746 418 795 commemorassent:
431 754 475 790 see
487 741 547 792 639
560 740 614 790 and
623 741 694 802 App.
708 741 775 790 269.
805 742 956 791 memorie
967 744 1105 791 teneret:
1118 754 1162 790 see
1172 741 1243 804 App.

81 828 165 886 151,
181 841 203 888 r,
217 825 273 874 and
284 825 352 882 269.
391 825 600 875 acoldlssent:
620 836 663 871 see
676 822 747 885 App.
762 823 830 874 269.

140 926 223 978 682.
247 927 471 976 censtltlssent
489 938 551 986 may
570 922 689 986 possibly
704 921 784 972 stand
801 922 845 972 for
862 924 907 973 the
925 923 1011 973 direct
1022 924 1115 973 future
1133 925 1244 988 perfect,

85 1011 184 1060 tollere
194 1023 232 1059 we
242 1009 309 1058 stall
320 1008 385 1058 tave
400 1008 476 1058 ame
488 1022 536 1057 our
545 1007 630 1056 atnoe
670 1007 696 1054 lt
707 1020 781 1055 more
793 1006 924 1070 probably
937 1005 1033 1057 stands
1044 1007 1087 1056 for
1099 1021 1116 1057 a
1134 1007 1244 1071 perfect,

86 1093 183 1142 where
194 1106 231 1143 we
240 1093 304 1142 ltaoe
314 1092 392 1142 taken
404 1107 453 1141 our
465 1092 551 1141 stand.

144 1193 224 1244 688.
248 1197 350 1244 minus
364 1193 581 1252 dubitetienie
592 1193 633 1242 tlte
642 1193 690 1242 less
700 1193 846 1243 hesitation.
879 1193 933 1241 For
940 1194 985 1241 the
998 1193 1114 1256 genitive
1126 1207 1169 1242 see
1179 1195 1246 1245 62³.

144 1293 223 1344 684.
247 1295 285 1345 ee
298 1297 424 1357 gravius
438 1294 501 1358 que
519 1296 622 1344 minus
641 1332 647 1343 .
666 1332 671 1344 .
691 1332 696 1343 .
715 1294 923 1344 eooldlssent:
943 1293 1039 1343 leemas
1058 1294 1100 1343 tlte
1112 1308 1183 1343 ἠιονε
1200 1309 1247 1344 ao-

89 1379 183 1437 noped
195 1378 236 1427 tlte
253 1379 303 1427 less
314 1378 460 1438 desemallp
470 1377 528 1436 ttey
540 1378 593 1427 limi
605 1377 715 1438 besallen
733 1377 774 1426 tlte
787 1377 890 1426 Roman
903 1377 1003 1438 people.
1042 1378 1081 1428 οδ
1099 1414 1105 1427 .
1125 1415 1130 1426 .
1151 1415 1157 1427 .
1176 1378 1246 1440 que,

89 1461 137 1510 tte
158 1499 164 1509 .
187 1499 193 1510 .
217 1498 222 1510 .
242 1461 291 1521 tte,
307 1460 432 1522 literally,
448 1461 479 1520 bp
491 1461 547 1510 tbal
559 1462 688 1525 (aotonrtt)
703 1460 734 1520 by
746 1461 836 1509 wltlolt.
876 1461 932 1508 'l'lte
942 1461 1058 1510 ablatlve
1070 1462 1094 1511 is
1106 1461 1245 1524 employed

91 1545 165 1592 with
184 1544 381 1607 comparativae
395 1545 471 1607 (ltere
493 1547 618 1607 gravius
638 1544 691 1591 and
711 1546 826 1608 minus)
840 1558 870 1592 or
888 1545 952 1592 with
971 1544 1061 1594 words
1077 1544 1247 1608 involvinga

92 1627 270 1690 comparison
284 1631 311 1676 to
322 1626 421 1676 denote
433 1628 479 1675 the
491 1627 580 1688 depree
591 1641 621 1674 οι·
634 1641 752 1676 mensure
764 1627 796 1686 of
805 1627 947 1686 differente.
986 1627 1051 1676 This
1063 1627 1246 1676 construction

93 1709 118 1758 is
132 1709 222 1760 called
234 1710 280 1759 the
293 1709 402 1760 ablatem
413 1709 444 1770 os
453 1710 494 1759 tlte
505 1710 594 1770 depree
605 1709 637 1768 os
645 1708 787 1769 differente.
826 1711 896 1804 App.
911 1712 979 1770 148,
991 1725 1016 1760 α.

425 2026 641 2098 LESSON
678 2027 891 2096 Lxxxtx

148 2193 224 2246 685.
621 2193 723 2244 ΤΕΧΤ

147 2302 207 2381 qui
238 2301 268 2360 si
294 2295 436 2360 alienius
461 2295 601 2359 inieriae
627 2295 689 2359 sibi
714 2297 866 2360 censoius
890 2295 1023 2374 fuisset,
1048 2304 1116 2362 nen
1139 2297 1245 2364 fuisse

100 2403 235 2468 difficile
252 2411 389 2480 cavere3
416 2403 473 2467 sed
495 2411 534 2467 ee
551 2403 737 2488 deceptum,
754 2404 846 2488 quod
862 2426 970 2489 neque
991 2407 1204 2471 commissum
1227 2414 1247 2472 e
1278 2439 1285 2456 a

101 2521 135 2576 se
160 2513 371 2598 intellegeret
395 2518 460 2596 que
484 2520 517 2576 re
543 2513 684 2589 timeret,
707 2534 815 2597 neque
843 2514 913 2577 sine
936 2519 1035 2577 cause
1059 2515 1246 2580 timendum

102 2627 243 2704 puteret.
292 2619 393 2699 Quod
414 2627 443 2683 si
469 2623 589 2684 veteris
616 2621 835 2685 contumeliae
863 2621 1011 2685 oblivisci
1035 2623 1147 2700 vellet,
1166 2647 1243 2688 nnm

103 2730 199 2793 etiam
217 2729 403 2795 recentium
420 2729 626 2805 inieriernm,
645 2729 735 2813 quod
752 2736 791 2792 ee
816 2731 920 2793 invete
946 2731 1010 2794 iter
1034 2753 1093 2816 per
1116 2734 1248 2816 previn-

104 2839 186 2901 eiam
216 2859 276 2922 per
303 2838 372 2902 vim
397 2844 626 2922 temptessent,
650 2837 742 2922 quod
766 2838 913 2914 Aedues‚
939 2838 1030 2923 quod
1056 2840 1245 2917 Ambarres‚

104 2944 194 3029 quod
211 2945 410 3030 Allobroges
427 2952 614 3021 vexessent,
632 2946 822 3009 memoriam
839 2944 1000 3030 deponere
1018 2950 1139 3031 posse?

152 3136 224 3188 686.
540 3136 679 3188 ΟΙΒΕΟΤ
700 3136 807 3187 ἙΟΒΜ

150 3245 250 3324 quisi
267 3239 409 3303 aliceius
425 3239 567 3303 inieriae
585 3239 649 3303 sibi
665 3239 818 3303 eensoins
834 3239 965 3317 fuisset,
982 3247 1050 3305 nen
1065 3243 1140 3323 soit
1164 3243 1247 3308 diffi-

107 3348 164 3411 eile
183 3354 318 3422 eavere3
343 3345 402 3410 sed
426 3353 464 3410 ee
489 3347 637 3432 deeeptus
662 3356 717 3423 ert,
742 3346 834 3432 qnod
858 3369 966 3433 neque
991 3351 1202 3414 eommissum
1226 3358 1246 3416 e

108 3464 139 3519 se
162 3454 367 3537 intellepe'bat
390 3461 457 3540 que
482 3463 516 3519 re
543 3457 684 3532 timeret,
710 3477 818 3541 neque
842 3457 913 3520 sine
937 3464 1035 3522 oense
1060 3459 1245 3524 timendum

104 3563 242 3649 potebat.
292 3561 393 3642 Quod
420 3569 449 3628 si
474 3565 597 3630 veteris
626 3565 845 3630 contumeliae
879 3565 1029 3631 oblivisci
1053 3569 1138 3652 velit²
1164 3579 1253 3634 num'

109 3673 201 3736 etiam
223 3672 408 3736 recentium
425 3672 630 3749 inierierum
649 3673 741 3758 quod
765 3681 803 3738 ee
827 3674 933 3739 invite
954 3676 1018 3739 iter
1041 3697 1102 3761 per
1118 3679 1246 3764 previu-

110 3779 186 3844 oiam
211 3802 271 3865 per
298 3781 365 3846 vim
396 3781 615 3866 temptetistt's,
642 3780 734 3866 qnod
759 3781 905 3859 Aedues,
933 3784 1022 3869 quod
1057 3786 1245 3865 Ambarres,

110 3888 191 3972 quod
208 3889 406 3975 Allobroges
423 3889 601 3976 praevertit,
620 3891 810 3954 memoriam
826 3890 988 3976 depenere
1000 3897 1132 3980 potest?
