2864 4432
455 343 650 396 enarrans
675 345 724 406 11,
751 347 805 396 vn
1143 332 1208 401 235

41 511 206 588 cansilia,
225 508 354 596 oppidis
383 516 454 577 suis
471 517 621 598 vicisque
649 518 790 590 exustis,
816 519 883 578 una
905 535 982 580 oum
998 521 1047 582 eis
1063 517 1207 602 proficis·

42 625 197 695 cantur3
215 619 393 704 Baiasque,
407 626 465 704 qui
478 627 569 684 trans
588 619 744 684 Rhanum
761 621 971 687 incoluerant
987 631 1023 687 et
1036 625 1072 687 in
1089 647 1206 711 agrum

44 727 219 795 Naxicum
245 729 445 792 transierant
470 729 693 814 Naraiamque
716 735 958 815 oppugnarant,
984 739 1134 818 receptus
1147 801 1149 806 ,
1163 733 1204 798 ad
1309 745 1313 752 '

43 845 87 902 sa
106 839 215 903 socius
228 839 292 902 sibi
310 837 509 902 adsciscunt.

100 950 139 1014 6.
174 948 281 1015 Erant
296 953 429 1010 omnino
445 945 565 1010 itinera
580 944 649 1009 duo
666 945 790 1031 quibus
806 946 981 1012 itineribus
998 945 1096 1013 doma
1112 956 1203 1015 exire

47 1063 211 1140 possent:
244 1063 351 1120 unum
379 1075 438 1139 per
466 1053 648 1138 Saquanus,
677 1061 860 1139 angustum
888 1061 924 1120 et
946 1055 1090 1134 difficile,
1114 1058 1204 1122 inter

46 1171 205 1228 montem
227 1163 340 1228 Iuram
367 1168 403 1226 11
428 1159 553 1226 flumen
582 1159 793 1238 Rhodanum,
820 1162 879 1226 vix
912 1169 978 1249 qua
1020 1212 1191 1267 „emmae

46 1273 182 1358 singuli
204 1277 289 1336 carri
305 1269 526 1346 ducerentur3
549 1276 645 1334 mans
664 1275 775 1334 autem
793 1270 976 1336 altissimus
1015 1264 1154 1354 ἳῖὴζζῗξῇξῗ

46 1379 278 1466 impendabat,
298 1386 337 1444 ut
352 1377 450 1442 facile
468 1383 624 1462 perpauci
637 1377 809 1463 prohibere
822 1385 975 1463 possent:
1012 1363 1202 1453 &ww
1220 1391 1235 1441 'a

47 1490 198 1552 alterum
225 1509 285 1573 per
309 1486 513 1572 pruvinciam
534 1493 691 1563 nostram,
715 1487 821 1550 multa
844 1485 977 1554 facilius
1016 1462 1137 1504 mm

48 1607 156 1682 atque
174 1596 374 1682 expeditius
392 1601 567 1680 propterca
584 1593 676 1680 quod
694 1595 784 1660 inter
798 1595 884 1660 tinas
900 1596 1143 1664 'Helvetiurum
1168 1609 1203 1666 et

49 1706 287 1792 Allobrogum,
315 1711 373 1790 qui
397 1712 504 1788 nuper
527 1709 637 1788 pacati
660 1711 764 1780 erant,
788 1704 970 1770 Rhodanus
994 1705 1080 1785 fluit,
1105 1709 1200 1794 isque

50 1815 225 1880 nonnullis
252 1815 333 1878 locis
361 1811 447 1878 vada
472 1819 643 1878 transitur.
691 1813 890 1878 Extramum
918 1815 1078 1900 oppidum
1109 1817 1204 1882 Allo

51 1923 195 2009 brogum
212 1913 266 1987 est'
278 1921 534 2007 proximumque
556 1920 788 1986 Helvatiurum
807 1921 934 1987 finibus
953 1924 1099 1991 Genava.
1146 1927 1201 1990 Ex
1218 1941 1251 1992 10

50 2039 90 2094 eu
108 2031 231 2116 oppida
247 2038 331 2115 pons
347 2029 390 2094 ad
408 2029 583 2094 Helvatius
600 2030 755 2116 pertinet.
773 2072 776 2078 ,
804 2031 1045 2119 Allobrogibus
1062 2043 1131 2099 susa
1146 2036 1201 2100 vel

51 2146 278 2224 persuasurus,
294 2137 384 2224 quod
394 2137 544 2201 nandum
560 2137 646 2202 bonu
663 2138 772 2202 animo
789 2139 825 2202 in
836 2141 998 2224 populum
1011 2142 1200 2208 Rumanum

51 2248 256 2325 viduarentur,
274 2246 519 2322 existimabant,
536 2247 591 2310 vel
613 2250 648 2310 vi
672 2253 844 2313 coacturos
872 2255 913 2313 ut
936 2271 996 2334 per
1011 2227 1089 2315 suus
1113 2251 1200 2317 tinas

50 2363 181 2421 sasire
209 2363 411 2442 paterentur.
461 2353 626 2440 Omnibus
658 2355 757 2420 rabus
783 2355 827 2420 ad
850 2355 1092 2441 proiectianem
1115 2381 1200 2425 com·

52 2471 188 2550 paratis
206 2463 295 2528 diem
311 2462 430 2526 dicunt
444 2468 511 2548 qua
530 2461 584 2526 dia
609 2462 652 2526 ad
675 2470 780 2548 ripam
806 2463 960 2530 Rhodani
987 2476 1102 2533 omnus
1125 2487 1250 2538 con-15

51 2573 200 2638 veniant.
249 2573 284 2636 Is
300 2571 370 2636 dias
387 2577 460 2636 erat
482 2592 511 2635 1.
527 2569 560 2635 d.
577 2593 610 2636 v.
630 2572 705 2636 Kal.
723 2572 817 2656 Apa,
837 2573 874 2637 L.
892 2573 1014 2640 Pisana
1038 2575 1082 2640 A.
1102 2575 1200 2642 Gabi·

51 2682 106 2745 nia
125 2681 329 2746 cunsulibus.

97 2790 136 2858 7.
171 2789 304 2854 Caesari
329 2810 406 2853 cum
432 2785 467 2850 id
492 2788 686 2852 nuntiatum
709 2796 808 2866 esset,
832 2797 889 2855 eus
913 2812 973 2876 per
994 2791 1198 2877 pruvinciam
1236 2820 1240 2831 .

51 2906 201 2964 nostram
228 2898 292 2962 iter
318 2896 427 2960 facere
456 2902 576 2972 sanari,
604 2902 752 2961 maturat
778 2897 819 2962 ab
846 2897 927 2963 urbe
958 2899 1134 2984 proficisci,
1163 2909 1200 2967 et

52 3029 154 3092 quam
170 3007 330 3070 maximis
343 3010 455 3088 potest
470 3004 647 3068 itineribus
662 3004 699 3068 in
724 3004 868 3070 Galliam
892 3006 977 3071 ulte·
1016 3039 1193 3094 marala„

52 3116 173 3179 riurem
189 3112 362 3178 contendit
378 3119 414 3177 et
430 3111 473 3176 ad
494 3112 665 3177 Genavam
684 3113 848 3198 pervenit.
896 3113 976 3180 Pru·
1013 3089 1172 3183 moupre-

52 3223 180 3288 vinciae
194 3228 256 3287 tuti
269 3243 370 3306 quam
382 3221 565 3284 maximum
582 3227 695 3306 potest
707 3222 851 3286 militum
864 3243 1038 3290 numerum
1055 3226 1198 3313 imperat
1215 3241 1232 3291 5

53 3335 144 3418 (erat
159 3337 292 3396 omnino
308 3330 344 3394 in
363 3329 472 3394 Gallia
490 3329 646 3394 ulteriare
663 3330 749 3416 legia
773 3335 872 3418 una),
891 3339 1026 3416 pontem
1043 3341 1103 3421 qui
1125 3343 1198 3401 erat

52 3440 94 3506 ad
111 3440 283 3505 Genavam
298 3439 394 3503 iubet
417 3436 569 3503 rescindi.
619 3437 687 3502 Ubi
710 3436 751 3502 da
776 3439 848 3503 aius
872 3438 1021 3506 adventu
1046 3425 1196 3508 Helvatii

53 3550 206 3615 certiaras
236 3546 318 3612 facti
347 3553 436 3622 sunt,
462 3545 591 3631 lagatus
619 3543 662 3608 ad
689 3567 765 3609 eum
798 3547 941 3613 mittunt
971 3550 1195 3618 nubilissimae

10 3699 12 3712 ›
52 3657 206 3734 civitatis,
225 3657 322 3720 cuius
346 3653 521 3740 lagatiunis
546 3635 740 3717 Nammaius
764 3660 800 3718 11
816 3653 1052 3724 Verucloetius
1076 3659 1196 3744 princi·
1272 3673 1276 3686 ·

53 3789 125 3854 pem
151 3767 263 3831 locum
291 3761 496 3838 obtinabant,
514 3767 574 3848 qui
592 3759 743 3828 dicerent
757 3761 821 3828 sibi
837 3783 909 3830 esse
934 3764 970 3830 in
993 3766 1102 3834 anima
1123 3767 1193 3835 sine
1212 3782 1246 3837 10

53 3877 118 3947 nuc
149 3871 312 3945 maleficia
343 3871 409 3943 iter
437 3891 499 3962 per
519 3869 726 3962 pruvinciam
752 3868 872 3954 facere,
896 3880 1071 3964 propterea
1102 3875 1194 3976 quod
